@article{diamant2021patient,
  title={Patient Contrastive Learning: a Performant, Expressive, and Practical Approach to ECG Modeling},
  author={Diamant, Nathaniel and Reinertsen, Erik and Song, Steven and Aguirre, Aaron and Stultz, Collin and Batra, Puneet},
  journal={arXiv preprint arXiv:2104.04569},
  year={2021}
}

@article{gopal20213kg,
  title={3KG: Contrastive Learning of 12-Lead Electrocardiograms using Physiologically-Inspired Augmentations},
  author={Gopal, Bryan and Han, Ryan W and Raghupathi, Gautham and Ng, Andrew Y and Tison, Geoffrey H and Rajpurkar, Pranav},
  journal={arXiv preprint arXiv:2106.04452},
  year={2021}
}

@inproceedings{kiyasseh2021clocs,
  title={Clocs: Contrastive learning of cardiac signals across space, time, and patients},
  author={Kiyasseh, Dani and Zhu, Tingting and Clifton, David A},
  booktitle={International Conference on Machine Learning},
  pages={5606--5615},
  year={2021},
  organization={PMLR}
}

@article{tian2020makes,
  title={What makes for good views for contrastive learning?},
  author={Tian, Yonglong and Sun, Chen and Poole, Ben and Krishnan, Dilip and Schmid, Cordelia and Isola, Phillip},
  journal={arXiv preprint arXiv:2005.10243},
  year={2020}
}

@article{noseworthy2020assessing,
  title={Assessing and mitigating bias in medical artificial intelligence: the effects of race and ethnicity on a deep learning model for ECG analysis},
  author={Noseworthy, Peter A and Attia, Zachi I and Brewer, LaPrincess C and Hayes, Sharonne N and Yao, Xiaoxi and Kapa, Suraj and Friedman, Paul A and Lopez-Jimenez, Francisco},
  journal={Circulation: Arrhythmia and Electrophysiology},
  volume={13},
  number={3},
  pages={e007988},
  year={2020},
  publisher={Am Heart Assoc}
}

@article{park2019specaugment,
  title={Specaugment: A simple data augmentation method for automatic speech recognition},
  author={Park, Daniel S and Chan, William and Zhang, Yu and Chiu, Chung-Cheng and Zoph, Barret and Cubuk, Ekin D and Le, Quoc V},
  journal={arXiv preprint arXiv:1904.08779},
  year={2019}
}

@article{attia2019age,
  title={Age and sex estimation using artificial intelligence from standard 12-lead ECGs},
  author={Attia, Zachi I and Friedman, Paul A and Noseworthy, Peter A and Lopez-Jimenez, Francisco and Ladewig, Dorothy J and Satam, Gaurav and Pellikka, Patricia A and Munger, Thomas M and Asirvatham, Samuel J and Scott, Christopher G and others},
  journal={Circulation: Arrhythmia and Electrophysiology},
  volume={12},
  number={9},
  pages={e007284},
  year={2019},
  publisher={Am Heart Assoc}
}